@book{ovidiu,
  title={An informal introduction to stochastic calculus with applications},
  author={Calin, Ovidiu},
  year={2015},
  publisher={World Scientific}
}